<record><leader>00000cas a22000007  4500</leader><controlfield tag="001">9427149</controlfield><controlfield tag="008">830419d19401976akudr ne      0    0eng d</controlfield><datafield ind1=" " ind2=" " tag="010"><subfield code="a">sn 83045298 </subfield></datafield><datafield ind1=" " ind2=" " tag="040"><subfield code="a">CRL</subfield><subfield code="b">eng</subfield><subfield code="c">CRL</subfield><subfield code="d">NPW</subfield><subfield code="d">PPM</subfield><subfield code="d">ANE</subfield><subfield code="d">OCLCQ</subfield><subfield code="d">OCLCF</subfield><subfield code="d">OCLCO</subfield></datafield><datafield ind1="1" ind2=" " tag="029"><subfield code="a">AU@</subfield><subfield code="b">000025811784</subfield></datafield><datafield ind1=" " ind2=" " tag="042"><subfield code="a">msc</subfield></datafield><datafield ind1="0" ind2="0" tag="245"><subfield code="a">Kodiak mirror.</subfield></datafield><datafield ind1="1" ind2="7" tag="246"><subfield code="a">Kodiak daily mirror</subfield><subfield code="f">May 29, 1967-Jan. 26, 1976</subfield></datafield><datafield ind1=" " ind2=" " tag="260"><subfield code="a">Kodiak, Alaska :</subfield><subfield code="b">Kodiak Pub. Co.,</subfield><subfield code="c">1940-1976.</subfield></datafield><datafield ind1=" " ind2=" " tag="300"><subfield code="a">36 v.</subfield></datafield><datafield ind1=" " ind2=" " tag="310"><subfield code="a">Daily,</subfield><subfield code="b">May 29, 1967-Jan. 26, 1976</subfield></datafield><datafield ind1=" " ind2=" " tag="321"><subfield code="a">Weekly,</subfield><subfield code="b">June 15, 1940-May 26, 1967</subfield></datafield><datafield ind1="0" ind2=" " tag="362"><subfield code="a">Vol. 1, no. 1 (June 15, 1940)-v. 36, no. 149 (Jan. 26, 1976).</subfield></datafield><datafield ind1=" " ind2=" " tag="515"><subfield code="a">Issue numbering irregular.</subfield></datafield><datafield ind1=" " ind2=" " tag="525"><subfield code="a">Includes occasional special issues.</subfield></datafield><datafield ind1=" " ind2=" " tag="580"><subfield code="a">Issue for Nov. 19, 1960 includes insert: Mailboat monitor.</subfield></datafield><datafield ind1=" " ind2="0" tag="651"><subfield code="a">Kodiak (Alaska)</subfield><subfield code="v">Newspapers.</subfield></datafield><datafield ind1=" " ind2="7" tag="655"><subfield code="a">Newspapers.</subfield><subfield code="2">fast</subfield><subfield code="0">(OCoLC)fst01423814</subfield></datafield><datafield ind1=" " ind2="7" tag="651"><subfield code="a">Alaska</subfield><subfield code="z">Kodiak.</subfield><subfield code="2">fast</subfield><subfield code="0">(OCoLC)fst01209935</subfield></datafield><datafield ind1="0" ind2=" " tag="730"><subfield code="a">Mailboat monitor.</subfield></datafield><datafield ind1="0" ind2=" " tag="775"><subfield code="t">Kodiak mirror tri-weekly bulletin</subfield><subfield code="w">(DLC)sn 94050106</subfield><subfield code="w">(OCoLC)31362429</subfield></datafield><datafield ind1="1" ind2=" " tag="777"><subfield code="t">Mailboat monitor</subfield><subfield code="w">(DLC)sn 94050109</subfield><subfield code="w">(OCoLC)31362446</subfield></datafield><datafield ind1="0" ind2="0" tag="785"><subfield code="t">Kodiak daily mirror</subfield><subfield code="w">(DLC)sn 83008842</subfield><subfield code="w">(OCoLC)9898603</subfield></datafield><datafield ind1=" " ind2=" " tag="752"><subfield code="a">United States</subfield><subfield code="b">Alaska</subfield><subfield code="d">Kodiak.</subfield></datafield></record>